<record><leader>00000cas a22000007a 4500</leader><controlfield tag="001">20362933</controlfield><controlfield tag="008">890918d19111964iauwr n       0    0eng d</controlfield><datafield ind1=" " ind2=" " tag="010"><subfield code="a">sn 89057008 </subfield></datafield><datafield ind1=" " ind2=" " tag="040"><subfield code="a">INP</subfield><subfield code="b">eng</subfield><subfield code="c">INP</subfield><subfield code="d">OCLCQ</subfield></datafield><datafield ind1=" " ind2=" " tag="042"><subfield code="a">msc</subfield></datafield><datafield ind1="0" ind2="0" tag="245"><subfield code="a">Albert City appeal.</subfield></datafield><datafield ind1=" " ind2=" " tag="260"><subfield code="a">Albert City, Buena Vista County, Iowa :</subfield><subfield code="b">Lyman N. Smith,</subfield><subfield code="c">-1964.</subfield></datafield><datafield ind1=" " ind2=" " tag="300"><subfield code="a">v.</subfield></datafield><datafield ind1=" " ind2=" " tag="310"><subfield code="a">Weekly</subfield></datafield><datafield ind1="0" ind2=" " tag="362"><subfield code="a">-62nd year, no. 1 (Jan. 2, 1964).</subfield></datafield><datafield ind1=" " ind2=" " tag="588"><subfield code="a">Description based on: Vol. 1, no. 8 (Aug. 31, 1911).</subfield></datafield><datafield ind1=" " ind2=" " tag="752"><subfield code="a">United States</subfield><subfield code="b">Iowa</subfield><subfield code="c">Buena Vista</subfield><subfield code="d">Albert City.</subfield></datafield><datafield ind1="0" ind2="7" tag="785"><subfield code="t">Marathon republic</subfield></datafield><datafield ind1="0" ind2="7" tag="785"><subfield code="t">Albert City appeal and the Marathon republic</subfield><subfield code="w">(DLC)sn 87058555</subfield></datafield></record>